<record><leader>00000cas a22000007a 4500</leader><controlfield tag="001">12618021</controlfield><controlfield tag="008">850930d18841uuupaudn ne      0    0eng d</controlfield><datafield ind1=" " ind2=" " tag="010"><subfield code="a">sn 87080068 </subfield></datafield><datafield ind1=" " ind2=" " tag="040"><subfield code="a">NPH</subfield><subfield code="b">eng</subfield><subfield code="c">NPH</subfield><subfield code="d">OCLCQ</subfield></datafield><datafield ind1=" " ind2=" " tag="042"><subfield code="a">msc</subfield></datafield><datafield ind1="0" ind2=" " tag="130"><subfield code="a">Times (Altoona, Pa.)</subfield></datafield><datafield ind1="1" ind2="4" tag="245"><subfield code="a">The times.</subfield></datafield><datafield ind1="3" ind2="0" tag="246"><subfield code="a">Daily times</subfield></datafield><datafield ind1=" " ind2=" " tag="260"><subfield code="a">Altoona, Pa. :</subfield><subfield code="b">[Altoona Times Pub. Co.],</subfield><subfield code="c">1884-</subfield></datafield><datafield ind1=" " ind2=" " tag="300"><subfield code="a">v.</subfield></datafield><datafield ind1=" " ind2=" " tag="310"><subfield code="a">Daily (except Sunday)</subfield></datafield><datafield ind1="0" ind2=" " tag="362"><subfield code="a">Vol. 1, no. 1 (May 21, 1884)-</subfield></datafield><datafield ind1=" " ind2=" " tag="500"><subfield code="a">Publishers: H.A. McPike and Geo. F. Fresh &lt;1889&gt;.</subfield></datafield><datafield ind1=" " ind2=" " tag="580"><subfield code="a">Issued also in a weekly edition called: Weekly times (Altoona, Pa.).</subfield></datafield><datafield ind1=" " ind2=" " tag="752"><subfield code="a">United States</subfield><subfield code="b">Pennsylvania</subfield><subfield code="c">Blair</subfield><subfield code="d">Altoona.</subfield></datafield><datafield ind1="1" ind2=" " tag="775"><subfield code="t">Weekly times (Altoona, Pa.)</subfield></datafield><datafield ind1="0" ind2="0" tag="785"><subfield code="t">Altoona times</subfield><subfield code="w">(DLC)sn 87080067</subfield></datafield></record>